@book{hoffstein2008introduction,
  title={An introduction to mathematical cryptography},
  author={Hoffstein, Jeffrey and Pipher, Jill and Silverman, Joseph H and Silverman, Joseph H},
  volume={1},
  year={2008},
  publisher={Springer}
}

Bethe Ansatz:
1. https://ethz.ch/content/dam/ethz/special-interest/phys/theoretical-physics/itp-dam/documents/gaberdiel/proseminar_fs2018/15_Sottovia.pdf
2. https://dylanvanzyl.com/wp-content/uploads/2019/01/Introduction-to-Heisenberg-spin-chains-new.pdf
