@book{hoffstein2008introduction,
  title={An introduction to mathematical cryptography},
  author={Hoffstein, Jeffrey and Pipher, Jill and Silverman, Joseph H and Silverman, Joseph H},
  volume={1},
  year={2008},
  publisher={Springer}
}

1. https://physics.stackexchange.com/questions/565308/space-of-density-matrix
